%% This BibTeX bibliography file was created using BibDesk.
%% http://bibdesk.sourceforge.net/

%% Created for David HÃ¶rl at 2018-04-16 12:44:33 +0200 


%% Saved with string encoding Unicode (UTF-8) 



@article{dummy-cite,
	Author = {Hoerl,David},
	Date-Added = {2018-04-16 10:43:32 +0000},
	Date-Modified = {2018-04-16 10:44:28 +0000},
	Journal = {Nature},
	Title = {Just a test},
	Year = {2018}}
